% Inspiration

@article{Morton,
author = {Morton, Kristi and Balazinska, Magdalena and Grossman, Dan and Mackinlay, Jock},
file = {:Users/kanitw/Dropbox/\_papers/Morton et al/Unknown/Morton et al. - Unknown - Support the Data Enthusiast Challenges for Next-Generation Data-Analysis Systems.pdf:pdf},
mendeley-groups = {InteractiveData/DB},
title = {{Support the Data Enthusiast : Challenges for Next-Generation Data-Analysis Systems}}
}

@inproceedings{hanrahan:enthusiast,
  title={Analytic database technologies for a new kind of user: the data enthusiast},
  author={Hanrahan, Pat},
  booktitle={Proceedings of the 2012 ACM SIGMOD International Conference on Management of Data},
  pages={577--578},
  year={2012},
  organization={ACM}
}

@article{Horvitz99,
address = {New York, New York, USA},
author = {Horvitz, Eric},
doi = {10.1145/302979.303030},
file = {:Users/kanitw/Dropbox/\_papers/Horvitz/1999/Horvitz - 1999 - Principles of mixed-initiative user interfaces.pdf:pdf},
isbn = {0201485591},
journal = {Proceedings of the SIGCHI conference on Human factors in computing systems the CHI is the limit - CHI '99},
keywords = {and efficiencies can be,designs for human-computer,gained with automated reasoning,interaction to direct manipulation,when significant power,wish to avoid limiting},
mendeley-groups = {HCI/Interactive Systems/mixed initiative},
number = {May},
pages = {159--166},
publisher = {ACM Press},
title = {{Principles of mixed-initiative user interfaces}},
url = {http://portal.acm.org/citation.cfm?doid=302979.303030},
year = {1999}
}


%%% HCI / UI  %%%

@book{hearst2009search,
  title={Search user interfaces},
  author={Hearst, Marti},
  year={2009},
  publisher={Cambridge University Press}
}

@inproceedings{yee:faceted,
  title={Faceted metadata for image search and browsing},
  author={Yee, Ka-Ping and Swearingen, Kirsten and Li, Kevin and Hearst, Marti},
  booktitle={Proceedings of the SIGCHI conference on Human factors in computing systems},
  pages={401--408},
  year={2003},
  organization={ACM}
}

% TODO Wolf et al.

% ML %

@inproceedings{letham:interpretable,
  title={An Interpretable Stroke Prediction Model using Rules and Bayesian Analysis.},
  author={Letham, Benjamin and Rudin, Cynthia and McCormick, Tyler H and Madigan, David},
  booktitle={AAAI (Late-Breaking Developments)},
  year={2013}
}

@article{wang:maximum,
  title={Maximum mutual information regularized classification},
  author={Wang, Jim Jing-Yan and Wang, Yi and Zhao, Shiguang and Gao, Xin},
  journal={Engineering Applications of Artificial Intelligence},
  volume={37},
  pages={1--8},
  year={2015},
  publisher={Elsevier}
}

% Systems %

@article{chandola:anomaly,
author = {Chandola, Varun and Banerjee, Arindam and Kumar, Vipin},
doi = {10.1145/1541880.1541882},
file = {:Users/kanitw/Dropbox/\_papers/Chandola, Banerjee, Kumar/2009/Chandola, Banerjee, Kumar - 2009 - Anomaly Detection A Survey.pdf:pdf},
issn = {03600300},
journal = {ACM Computing Surveys},
keywords = {Anomaly detection, outlier detection},
mendeley-groups = {InteractiveData/DB},
month = jul,
number = {3},
pages = {1--58},
title = {{Anomaly detection}},
url = {http://portal.acm.org/citation.cfm?doid=1541880.1541882},
volume = {41},
year = {2009}
}


@inproceedings{agarwal:blinkdb,
  title={{BlinkDB}: queries with bounded errors and bounded response times on very large data},
  author={Agarwal, Sameer and Mozafari, Barzan and Panda, Aurojit and Milner, Henry and Madden, Samuel and Stoica, Ion},
  booktitle={Proceedings of the 8th ACM European Conference on Computer Systems},
  pages={29--42},
  year={2013},
  organization={ACM}
}

@article{hellerstein:onlineagg,
  title={Online aggregation},
  author={Hellerstein, Joseph M and Haas, Peter J and Wang, Helen J},
  journal={ACM SIGMOD Record},
  volume={26},
  number={2},
  pages={171--182},
  year={1997},
  publisher={ACM}
}

@article{halperin:myria,
  title={Demonstration of the Myria Big Data Management Service},
  author={Halperin, Daniel and de Almeida, Victor Teixeira and Choo, Lee Lee and Chu, Shumo and Koutris, Paraschos and Moritz, Dominik and Ortiz, Jennifer and Ruamviboonsuk, Vaspol and Wang, Jingjing and Whitaker, Andrew and others}
}

@article{wu:dvms,
annote = {dummary
- cost estimation
- query steering},
author = {Wu, Eugene and Madden, Samuel R},
file = {:Users/kanitw/Dropbox/\_papers/Wu, Madden/2012/Wu, Madden - 2012 - The Case for Data Visualization Management Systems Vision Paper.pdf:pdf},
mendeley-groups = {InteractiveData/DB},
pages = {903--906},
title = {{The Case for Data Visualization Management Systems [ Vision Paper ]}},
year = {2012}
}


% VIS %

@article{bertin:semiology,
  title={Semiology of graphics: diagrams, networks, maps},
  author={Bertin, Jacques},
  year={1983},
  publisher={University of Wisconsin press}
}

@article{bertini:quality,
  title={Quality metrics in high-dimensional data visualization: an overview and systematization},
  author={Bertini, Enrico and Tatu, Andrada and Keim, Daniel},
  journal={Visualization and Computer Graphics, IEEE Transactions on},
  volume={17},
  number={12},
  pages={2203--2212},
  year={2011},
  publisher={IEEE}
}

@article{cleveland:perception,
  title={Graphical perception: Theory, experimentation, and application to the development of graphical methods},
  author={Cleveland, William S and McGill, Robert},
  journal={Journal of the American Statistical Association},
  volume={79},
  number={387},
  pages={531--554},
  year={1984},
}

@book{few:nowyouseeit,
  title={Now you see it: simple visualization techniques for quantitative analysis},
  author={Few, Stephen},
  year={2009},
  publisher={Analytics Press}
}

@inproceedings{fisher:trustme,
  title={Trust me, i'm partially right: incremental visualization lets analysts explore large datasets faster},
  author={Fisher, Danyel and Popov, Igor and Drucker, Steven and others},
  booktitle={Proceedings of the SIGCHI Conference on Human Factors in Computing Systems},
  pages={1673--1682},
  year={2012},
  organization={ACM}
}

@article{grammel:novice,
  title={How information visualization novices construct visualizations},
  author={Grammel, Lars and Tory, Melanie and Storey, M},
  journal={Visualization and Computer Graphics, IEEE Transactions on},
  volume={16},
  number={6},
  pages={943--952},
  year={2010},
  publisher={IEEE}
}

@article{heer:dynamics,
author = {Heer, Jeffrey and Shneiderman, Ben and Park, College},
file = {:Users/kanitw/Dropbox/\_papers/Heer, Shneiderman, Park/Unknown/Heer, Shneiderman, Park - Unknown - Interactive Dynamics for Visual Analysis A taxonomy of tools that support the fluent and flexible us.pdf:pdf},
mendeley-groups = {CS448b,InteractiveData/IDL},
pages = {1--26},
title = {{Interactive Dynamics for Visual Analysis A taxonomy of tools that support the fluent and flexible use of visualizations}},
journal={Queue},
volume={10},
number={2},
pages={30},
year={2012},
publisher={ACM}
}
@article{liu:latency,
  title={The Effects of Interactive Latency on Exploratory Visual Analysis},
  author={Liu, Zhicheng and Heer, Jeffrey},
  year={2014},
  publisher={IEEE},
  journal={Visualization and Computer Graphics, IEEE Transactions on}
}

@article{saraiya:insight,
  title={An insight-based methodology for evaluating bioinformatics visualizations},
  author={Saraiya, Purvi and North, Chris and Duca, Karen},
  journal={Visualization and Computer Graphics, IEEE Transactions on},
  volume={11},
  number={4},
  pages={443--456},
  year={2005},
  publisher={IEEE}
}

@article{talbot:arc,
  title={Arc length-based aspect ratio selection},
  author={Talbot, Justin and Gerth, John and Hanrahan, Pat},
  journal={Visualization and Computer Graphics, IEEE Transactions on},
  volume={17},
  number={12},
  pages={2276--2282},
  year={2011},
  publisher={IEEE}
}

@book{tufte:visual,
  title={The visual display of quantitative information},
  author={Tufte, Edward R and Graves-Morris, PR},
  volume={2},
  year={1983},
  publisher={Graphics press Cheshire, CT}
}

@book{wickham:ggplot,
  title={{ggplot2: Elegant Graphics for Data Analysis}},
  year={2009},
  author={Wickham, Hadley},
  publisher={Springer}
}

%%%%%%%%%% Vis UI %%%%%%%%%%

@article{mackinlay:apt,
 author = {Mackinlay, Jock},
 title = {Automating the design of graphical presentations of relational information},
 journal = {ACM Transactions on Graphics},
 volume = {5},
 number = {2},
 year = {1986},
 pages = {110--141},
}

@article{stolte:polaris,
  author    = {Chris Stolte and
               Diane Tang and
               Pat Hanrahan},
  title     = {Polaris: A System for Query, Analysis, and Visualization
               of Multidimensional Relational Databases},
  journal   = {IEEE Trans. Vis. Comput. Graph.},
  volume    = {8},
  number    = {1},
  year      = {2002},
  pages     = {52-65},
}

@article{mackinlay:showme,
 author = {Mackinlay, Jock and Hanrahan, Pat and Stolte, Chris},
 title = {Show Me: Automatic Presentation for Visual Analysis},
 journal = {IEEE Transactions on Visualization and Computer Graphics},
 volume = {13},
 number = {6},
 year = {2007},
 pages = {1137--1144},
}

@article{bostock:d3,
abstract = {Data-Driven Documents (D3) is a novel representation-transparent approach to visualization for the web. Rather than hide the underlying scenegraph within a toolkit-specific abstraction, D3 enables direct inspection and manipulation of a native representation: the standard document object model (DOM). With D3, designers selectively bind input data to arbitrary document elements, applying dynamic transforms to both generate and modify content. We show how representational transparency improves expressiveness and better integrates with developer tools than prior approaches, while offering comparable notational efficiency and retaining powerful declarative components. Immediate evaluation of operators further simplifies debugging and allows iterative development. Additionally, we demonstrate how D3 transforms naturally enable animation and interaction with dramatic performance improvements over intermediate representations.},
author = {Bostock, Michael and Ogievetsky, Vadim and Heer, Jeffrey},
doi = {10.1109/TVCG.2011.185},
file = {:Users/kanitw/Dropbox/\_papers/Bostock, Ogievetsky, Heer/2011/Bostock, Ogievetsky, Heer - 2011 - D³ Data-Driven Documents.pdf:pdf},
issn = {1941-0506},
journal = {IEEE transactions on visualization and computer graphics},
mendeley-groups = {InteractiveData/IDL},
month = dec,
number = {12},
pages = {2301--9},
pmid = {22034350},
title = {{D³: Data-Driven Documents.}},
url = {http://www.ncbi.nlm.nih.gov/pubmed/22034350},
volume = {17},
year = {2011}
}



%%%%%%%%%% Visualization Systems %%%%%%%%%%

@inproceedings{gotz:harvest,
 author = {Gotz, David and Wen, Zhen},
 title = {Behavior-driven visualization recommendation},
 booktitle = {Proceedings of the 14th international conference on Intelligent user interfaces},
 year = {2009},
 pages = {315--324},
}

@article{lins:nanocubes,
  title={Nanocubes for real-time exploration of spatiotemporal datasets},
  author={Lins, Lauro and Klosowski, James T and Scheidegger, Carlos},
  journal={Visualization and Computer Graphics, IEEE Transactions on},
  volume={19},
  number={12},
  pages={2456--2465},
  year={2013},
  publisher={IEEE}
}

@inproceedings{liu:immens,
  title={imMens: Real-time Visual Querying of Big Data},
  author={Liu, Zhicheng and Jiang, Biye and Heer, Jeffrey},
  booktitle={Computer Graphics Forum},
  volume={32},
  pages={421--430},
  year={2013},
  organization={Wiley Online Library}
}

@inproceedings{kandel:profiler,
  title={Profiler: Integrated statistical analysis and visualization for data quality assessment},
  author={Kandel, Sean and Parikh, Ravi and Paepcke, Andreas and Hellerstein, Joseph M and Heer, Jeffrey},
  booktitle={Proceedings of the International Working Conference on Advanced Visual Interfaces},
  pages={547--554},
  year={2012},
  organization={ACM}
}

@inproceedings{key:vizdeck,
 author = {Key, Alicia and Howe, Bill and Perry, Daniel and Aragon, Cecilia},
 title = {VizDeck: self-organizing dashboards for visual analytics},
 booktitle = {Proceedings of the 2012 ACM SIGMOD International Conference on Management of Data},
 year = {2012},
 pages = {681--684},
}


@inproceedings{roth1991,
  author = {Roth, Steven F and Mattis, Joseph},
  booktitle = {Proceedings of the IEEE Conference on Artificial Intelligence Applications},
  title = {Automating the Presentation of Information},
  pages = {90-97},
  year = {1991}
}



@inproceedings{satyanarayan:lyra,
  title={Lyra: An interactive visualization design environment},
  author={Satyanarayan, Arvind and Heer, Jeffrey},
  booktitle={Computer Graphics Forum},
  volume={33},
  number={3},
  pages={351--360},
  year={2014},
  organization={Wiley Online Library}
}

@inproceedings{satyanarayan:reactive-vega,
  title={Declarative interaction design for data visualization},
  author={Satyanarayan, Arvind and Wongsuphasawat, Kanit and Heer, Jeffrey},
  booktitle={Proceedings of the 27th annual ACM symposium on User interface software and technology},
  pages={669--678},
  year={2014},
  organization={ACM}
}


@inproceedings{sun:articulate,
  author    = {Yiwen Sun and Jason Leigh and Andrew E. Johnson and
               Sangyoon Lee},
  title     = {{\it Articulate}: A Semi-automated Model for Translating
               Natural Language Queries into Meaningful Visualizations},
  booktitle = {Smart Graphics},
  year      = {2010},
  pages     = {184-195},
}


@article{vandenElzen:smallmultiple,
  title={Small multiples, large singles: A new approach for visual data exploration},
  author={van den Elzen, Stef and van Wijk, Jarke J},
  journal={Computer Graphics Forum},
  volume={32},
  number={3pt2},
  pages={191--200},
  year={2013},
}


@inproceedings{voigt2012,
  author = {Martin Voigt and Stefan Pietschmann and Lars Grammel and Klaus Meissner},
  booktitle = {Proceedings of the 4th International Conference on Information, Process, and Knowledge Management},
  title = {Context-aware Recommendation of Visualization Components},
  pages = {101-109},
  year = {2012}
}

@inproceedings{voigt:vizboard,
 author = {Voigt, Martin and Werstler, Artur and Polowinski, Jan and Meissner, Klaus},
 title = {Weighted Faceted Browsing for Characteristics-based Visualization Selection Through End Users},
 booktitle = {Proceedings of the 4th ACM SIGCHI Symposium on Engineering Interactive Computing Systems},
 year = {2012},
 pages = {151--156},
}


@book{wilkinson:GoG,
  title={{The Grammar of Graphics}},
  author={Wilkinson, Leland},
  year={2005},
  publisher={Springer}
}

